@misc{anleitung,
    title   = "Eigenschaften des Elektrons",
    year    = "2016",
    pages   = "1-11"
}

@book{demtroder,
  title={Experimentalphysik 2: Elektrizit{\"a}t und Optik},
  author={Demtr{\"o}der, W.},
  isbn={9783642299438},
  series={Springer-Lehrbuch},
  year={2013},
  publisher={Springer Berlin Heidelberg}
}

@book{gerthsen,
  title={Gerthsen Physik},
  author={Gerthsen, C. and Meschede, D.},
  isbn={9783642128943},
  series={Springer-Lehrbuch},
  year={2010},
  publisher={Springer Berlin Heidelberg}
}