@misc{anleitung,
    title   = "Der Bipolar-Transistor und die Emitterschaltung (TRA)",
    year    = "2015",
    pages   = "342--351"
}