@misc{anleitung,
    title   = "Vakuum",
    year    = "2015",
    pages   = "1-8"
}

@book{Vaktech,
  title={Handbuch Vakuumtechnik},
  author={Jousten, K.},
  isbn={9783658133863},
  series={Springer Reference Technik},
  year={2018},
  publisher={Springer Fachmedien Wiesbaden}
}

@misc{fehler,
    title   = "Hinweise zur Beurteilung von Messungen, Messergebnissen und Messunsicherheiten",
    year    = "2009",
    pages   = "1-20"
}

@book{tipler,
  author={Tipler, Paul Allen and Mosca, Gene},
  editor={Wagner, Jennifer},
  title={Physik},
  subtitle={f{\"u}r Wissenschaftler und Ingenieure},
  edition={7. Aufl. 2015},
  publisher={Springer Spektrum},
  address={Berlin, Heidelberg},
  year={2015},
  language={ger},
  isbn={978-3-642-54166-7}
}

@book{demtroder,
  title={Experimentalphysik 2: Elektrizit{\"a}t und Optik},
  author={Demtr{\"o}der, W.},
  isbn={9783642299438},
  series={Springer-Lehrbuch},
  year={2013},
  publisher={Springer Berlin Heidelberg}
}

@book{gerthsen,
  title={Gerthsen Physik},
  author={Gerthsen, C. and Meschede, D.},
  isbn={9783642128943},
  series={Springer-Lehrbuch},
  year={2010},
  publisher={Springer Berlin Heidelberg}
}